%YAML 1.1
%TAG !u! tag:unity3d.com,2011:
--- !u!1 &276367363462577922
GameObject:
  m_ObjectHideFlags: 0
  m_CorrespondingSourceObject: {fileID: 0}
  m_PrefabInstance: {fileID: 0}
  m_PrefabAsset: {fileID: 0}
  serializedVersion: 6
  m_Component:
  - component: {fileID: 2344391178373239824}
  - component: {fileID: 680928200109169086}
  m_Layer: 0
  m_Name: PlatformTest8
  m_TagString: Untagged
  m_Icon: {fileID: 4422084297763085224, guid: 0000000000000000d000000000000000, type: 0}
  m_NavMeshLayer: 0
  m_StaticEditorFlags: 0
  m_IsActive: 1
--- !u!4 &2344391178373239824
Transform:
  m_ObjectHideFlags: 0
  m_CorrespondingSourceObject: {fileID: 0}
  m_PrefabInstance: {fileID: 0}
  m_PrefabAsset: {fileID: 0}
  m_GameObject: {fileID: 276367363462577922}
  m_LocalRotation: {x: 0, y: 0, z: 0, w: 1}
  m_LocalPosition: {x: 0, y: 0, z: 0}
  m_LocalScale: {x: 1, y: 1, z: 1}
  m_Children:
  - {fileID: 1418349554866789003}
  - {fileID: 4555517585753018167}
  - {fileID: 5273801051949361821}
  - {fileID: 2336174883568396604}
  - {fileID: 6985603589367236203}
  - {fileID: 867875200073605829}
  - {fileID: 8949302960142873528}
  - {fileID: 8019140548204767092}
  - {fileID: 6084395910268535887}
  - {fileID: 4622004804044081821}
  - {fileID: 893647798344867650}
  - {fileID: 3283131047947350613}
  - {fileID: 5139435643330199696}
  - {fileID: 2136501348289836376}
  - {fileID: 3204514077177937671}
  - {fileID: 7774477441980719632}
  - {fileID: 6288601937599698981}
  - {fileID: 749490745372352867}
  - {fileID: 6559871075459324358}
  - {fileID: 1984676707998230006}
  - {fileID: 339775631980003553}
  - {fileID: 4208927780852974214}
  - {fileID: 4230312328255752374}
  - {fileID: 8973029292790573832}
  - {fileID: 5789776785625952818}
  m_Father: {fileID: 0}
  m_RootOrder: 0
  m_LocalEulerAnglesHint: {x: 0, y: 0, z: 0}
--- !u!114 &680928200109169086
MonoBehaviour:
  m_ObjectHideFlags: 0
  m_CorrespondingSourceObject: {fileID: 0}
  m_PrefabInstance: {fileID: 0}
  m_PrefabAsset: {fileID: 0}
  m_GameObject: {fileID: 276367363462577922}
  m_Enabled: 1
  m_EditorHideFlags: 0
  m_Script: {fileID: 11500000, guid: 07963b14d2f16564cbce5aadffc1217b, type: 3}
  m_Name: 
  m_EditorClassIdentifier: 
  marbleSpawnPos: {fileID: 1418349554866789003}
  Length: 14
  angleID: 0
--- !u!1001 &100899511638161435
PrefabInstance:
  m_ObjectHideFlags: 0
  serializedVersion: 2
  m_Modification:
    m_TransformParent: {fileID: 2344391178373239824}
    m_Modifications:
    - target: {fileID: 9030904941452528551, guid: d8e61b2a0cc051142a2761388e103af7,
        type: 3}
      propertyPath: m_Name
      value: DefaultCube (21)
      objectReference: {fileID: 0}
    - target: {fileID: 9030904941452528547, guid: d8e61b2a0cc051142a2761388e103af7,
        type: 3}
      propertyPath: m_LocalPosition.x
      value: 1
      objectReference: {fileID: 0}
    - target: {fileID: 9030904941452528547, guid: d8e61b2a0cc051142a2761388e103af7,
        type: 3}
      propertyPath: m_LocalPosition.y
      value: -0.5
      objectReference: {fileID: 0}
    - target: {fileID: 9030904941452528547, guid: d8e61b2a0cc051142a2761388e103af7,
        type: 3}
      propertyPath: m_LocalPosition.z
      value: 7.5
      objectReference: {fileID: 0}
    - target: {fileID: 9030904941452528547, guid: d8e61b2a0cc051142a2761388e103af7,
        type: 3}
      propertyPath: m_LocalRotation.x
      value: -0
      objectReference: {fileID: 0}
    - target: {fileID: 9030904941452528547, guid: d8e61b2a0cc051142a2761388e103af7,
        type: 3}
      propertyPath: m_LocalRotation.y
      value: -0
      objectReference: {fileID: 0}
    - target: {fileID: 9030904941452528547, guid: d8e61b2a0cc051142a2761388e103af7,
        type: 3}
      propertyPath: m_LocalRotation.z
      value: -0
      objectReference: {fileID: 0}
    - target: {fileID: 9030904941452528547, guid: d8e61b2a0cc051142a2761388e103af7,
        type: 3}
      propertyPath: m_LocalRotation.w
      value: 1
      objectReference: {fileID: 0}
    - target: {fileID: 9030904941452528547, guid: d8e61b2a0cc051142a2761388e103af7,
        type: 3}
      propertyPath: m_RootOrder
      value: 6
      objectReference: {fileID: 0}
    - target: {fileID: 9030904941452528547, guid: d8e61b2a0cc051142a2761388e103af7,
        type: 3}
      propertyPath: m_LocalEulerAnglesHint.x
      value: 0
      objectReference: {fileID: 0}
    - target: {fileID: 9030904941452528547, guid: d8e61b2a0cc051142a2761388e103af7,
        type: 3}
      propertyPath: m_LocalEulerAnglesHint.y
      value: 0
      objectReference: {fileID: 0}
    - target: {fileID: 9030904941452528547, guid: d8e61b2a0cc051142a2761388e103af7,
        type: 3}
      propertyPath: m_LocalEulerAnglesHint.z
      value: 0
      objectReference: {fileID: 0}
    m_RemovedComponents: []
  m_SourcePrefab: {fileID: 100100000, guid: d8e61b2a0cc051142a2761388e103af7, type: 3}
--- !u!4 &8949302960142873528 stripped
Transform:
  m_CorrespondingSourceObject: {fileID: 9030904941452528547, guid: d8e61b2a0cc051142a2761388e103af7,
    type: 3}
  m_PrefabInstance: {fileID: 100899511638161435}
  m_PrefabAsset: {fileID: 0}
--- !u!1001 &1305355482368847063
PrefabInstance:
  m_ObjectHideFlags: 0
  serializedVersion: 2
  m_Modification:
    m_TransformParent: {fileID: 2344391178373239824}
    m_Modifications:
    - target: {fileID: 9030904941452528551, guid: d8e61b2a0cc051142a2761388e103af7,
        type: 3}
      propertyPath: m_Name
      value: DefaultCube (2)
      objectReference: {fileID: 0}
    - target: {fileID: 9030904941452528547, guid: d8e61b2a0cc051142a2761388e103af7,
        type: 3}
      propertyPath: m_LocalPosition.x
      value: 0
      objectReference: {fileID: 0}
    - target: {fileID: 9030904941452528547, guid: d8e61b2a0cc051142a2761388e103af7,
        type: 3}
      propertyPath: m_LocalPosition.y
      value: -0.5
      objectReference: {fileID: 0}
    - target: {fileID: 9030904941452528547, guid: d8e61b2a0cc051142a2761388e103af7,
        type: 3}
      propertyPath: m_LocalPosition.z
      value: 3.5
      objectReference: {fileID: 0}
    - target: {fileID: 9030904941452528547, guid: d8e61b2a0cc051142a2761388e103af7,
        type: 3}
      propertyPath: m_LocalRotation.x
      value: -0
      objectReference: {fileID: 0}
    - target: {fileID: 9030904941452528547, guid: d8e61b2a0cc051142a2761388e103af7,
        type: 3}
      propertyPath: m_LocalRotation.y
      value: -0
      objectReference: {fileID: 0}
    - target: {fileID: 9030904941452528547, guid: d8e61b2a0cc051142a2761388e103af7,
        type: 3}
      propertyPath: m_LocalRotation.z
      value: -0
      objectReference: {fileID: 0}
    - target: {fileID: 9030904941452528547, guid: d8e61b2a0cc051142a2761388e103af7,
        type: 3}
      propertyPath: m_LocalRotation.w
      value: 1
      objectReference: {fileID: 0}
    - target: {fileID: 9030904941452528547, guid: d8e61b2a0cc051142a2761388e103af7,
        type: 3}
      propertyPath: m_RootOrder
      value: 7
      objectReference: {fileID: 0}
    - target: {fileID: 9030904941452528547, guid: d8e61b2a0cc051142a2761388e103af7,
        type: 3}
      propertyPath: m_LocalEulerAnglesHint.x
      value: 0
      objectReference: {fileID: 0}
    - target: {fileID: 9030904941452528547, guid: d8e61b2a0cc051142a2761388e103af7,
        type: 3}
      propertyPath: m_LocalEulerAnglesHint.y
      value: 0
      objectReference: {fileID: 0}
    - target: {fileID: 9030904941452528547, guid: d8e61b2a0cc051142a2761388e103af7,
        type: 3}
      propertyPath: m_LocalEulerAnglesHint.z
      value: 0
      objectReference: {fileID: 0}
    m_RemovedComponents: []
  m_SourcePrefab: {fileID: 100100000, guid: d8e61b2a0cc051142a2761388e103af7, type: 3}
--- !u!4 &8019140548204767092 stripped
Transform:
  m_CorrespondingSourceObject: {fileID: 9030904941452528547, guid: d8e61b2a0cc051142a2761388e103af7,
    type: 3}
  m_PrefabInstance: {fileID: 1305355482368847063}
  m_PrefabAsset: {fileID: 0}
--- !u!1001 &1634883873887578547
PrefabInstance:
  m_ObjectHideFlags: 0
  serializedVersion: 2
  m_Modification:
    m_TransformParent: {fileID: 2344391178373239824}
    m_Modifications:
    - target: {fileID: 9030904941452528551, guid: d8e61b2a0cc051142a2761388e103af7,
        type: 3}
      propertyPath: m_Name
      value: DefaultCube (27)
      objectReference: {fileID: 0}
    - target: {fileID: 9030904941452528547, guid: d8e61b2a0cc051142a2761388e103af7,
        type: 3}
      propertyPath: m_LocalPosition.x
      value: -1
      objectReference: {fileID: 0}
    - target: {fileID: 9030904941452528547, guid: d8e61b2a0cc051142a2761388e103af7,
        type: 3}
      propertyPath: m_LocalPosition.y
      value: -0.5
      objectReference: {fileID: 0}
    - target: {fileID: 9030904941452528547, guid: d8e61b2a0cc051142a2761388e103af7,
        type: 3}
      propertyPath: m_LocalPosition.z
      value: 2.5
      objectReference: {fileID: 0}
    - target: {fileID: 9030904941452528547, guid: d8e61b2a0cc051142a2761388e103af7,
        type: 3}
      propertyPath: m_LocalRotation.x
      value: -0
      objectReference: {fileID: 0}
    - target: {fileID: 9030904941452528547, guid: d8e61b2a0cc051142a2761388e103af7,
        type: 3}
      propertyPath: m_LocalRotation.y
      value: -0
      objectReference: {fileID: 0}
    - target: {fileID: 9030904941452528547, guid: d8e61b2a0cc051142a2761388e103af7,
        type: 3}
      propertyPath: m_LocalRotation.z
      value: -0
      objectReference: {fileID: 0}
    - target: {fileID: 9030904941452528547, guid: d8e61b2a0cc051142a2761388e103af7,
        type: 3}
      propertyPath: m_LocalRotation.w
      value: 1
      objectReference: {fileID: 0}
    - target: {fileID: 9030904941452528547, guid: d8e61b2a0cc051142a2761388e103af7,
        type: 3}
      propertyPath: m_RootOrder
      value: 15
      objectReference: {fileID: 0}
    - target: {fileID: 9030904941452528547, guid: d8e61b2a0cc051142a2761388e103af7,
        type: 3}
      propertyPath: m_LocalEulerAnglesHint.x
      value: 0
      objectReference: {fileID: 0}
    - target: {fileID: 9030904941452528547, guid: d8e61b2a0cc051142a2761388e103af7,
        type: 3}
      propertyPath: m_LocalEulerAnglesHint.y
      value: 0
      objectReference: {fileID: 0}
    - target: {fileID: 9030904941452528547, guid: d8e61b2a0cc051142a2761388e103af7,
        type: 3}
      propertyPath: m_LocalEulerAnglesHint.z
      value: 0
      objectReference: {fileID: 0}
    m_RemovedComponents: []
  m_SourcePrefab: {fileID: 100100000, guid: d8e61b2a0cc051142a2761388e103af7, type: 3}
--- !u!4 &7774477441980719632 stripped
Transform:
  m_CorrespondingSourceObject: {fileID: 9030904941452528547, guid: d8e61b2a0cc051142a2761388e103af7,
    type: 3}
  m_PrefabInstance: {fileID: 1634883873887578547}
  m_PrefabAsset: {fileID: 0}
--- !u!1001 &2136361290337390024
PrefabInstance:
  m_ObjectHideFlags: 0
  serializedVersion: 2
  m_Modification:
    m_TransformParent: {fileID: 2344391178373239824}
    m_Modifications:
    - target: {fileID: 9030904941452528551, guid: d8e61b2a0cc051142a2761388e103af7,
        type: 3}
      propertyPath: m_Name
      value: DefaultCube (19)
      objectReference: {fileID: 0}
    - target: {fileID: 9030904941452528547, guid: d8e61b2a0cc051142a2761388e103af7,
        type: 3}
      propertyPath: m_LocalPosition.x
      value: 2
      objectReference: {fileID: 0}
    - target: {fileID: 9030904941452528547, guid: d8e61b2a0cc051142a2761388e103af7,
        type: 3}
      propertyPath: m_LocalPosition.y
      value: -0.5
      objectReference: {fileID: 0}
    - target: {fileID: 9030904941452528547, guid: d8e61b2a0cc051142a2761388e103af7,
        type: 3}
      propertyPath: m_LocalPosition.z
      value: 5.5
      objectReference: {fileID: 0}
    - target: {fileID: 9030904941452528547, guid: d8e61b2a0cc051142a2761388e103af7,
        type: 3}
      propertyPath: m_LocalRotation.x
      value: -0
      objectReference: {fileID: 0}
    - target: {fileID: 9030904941452528547, guid: d8e61b2a0cc051142a2761388e103af7,
        type: 3}
      propertyPath: m_LocalRotation.y
      value: -0
      objectReference: {fileID: 0}
    - target: {fileID: 9030904941452528547, guid: d8e61b2a0cc051142a2761388e103af7,
        type: 3}
      propertyPath: m_LocalRotation.z
      value: -0
      objectReference: {fileID: 0}
    - target: {fileID: 9030904941452528547, guid: d8e61b2a0cc051142a2761388e103af7,
        type: 3}
      propertyPath: m_LocalRotation.w
      value: 1
      objectReference: {fileID: 0}
    - target: {fileID: 9030904941452528547, guid: d8e61b2a0cc051142a2761388e103af7,
        type: 3}
      propertyPath: m_RootOrder
      value: 4
      objectReference: {fileID: 0}
    - target: {fileID: 9030904941452528547, guid: d8e61b2a0cc051142a2761388e103af7,
        type: 3}
      propertyPath: m_LocalEulerAnglesHint.x
      value: 0
      objectReference: {fileID: 0}
    - target: {fileID: 9030904941452528547, guid: d8e61b2a0cc051142a2761388e103af7,
        type: 3}
      propertyPath: m_LocalEulerAnglesHint.y
      value: 0
      objectReference: {fileID: 0}
    - target: {fileID: 9030904941452528547, guid: d8e61b2a0cc051142a2761388e103af7,
        type: 3}
      propertyPath: m_LocalEulerAnglesHint.z
      value: 0
      objectReference: {fileID: 0}
    m_RemovedComponents: []
  m_SourcePrefab: {fileID: 100100000, guid: d8e61b2a0cc051142a2761388e103af7, type: 3}
--- !u!4 &6985603589367236203 stripped
Transform:
  m_CorrespondingSourceObject: {fileID: 9030904941452528547, guid: d8e61b2a0cc051142a2761388e103af7,
    type: 3}
  m_PrefabInstance: {fileID: 2136361290337390024}
  m_PrefabAsset: {fileID: 0}
--- !u!1001 &2764488679019106917
PrefabInstance:
  m_ObjectHideFlags: 0
  serializedVersion: 2
  m_Modification:
    m_TransformParent: {fileID: 2344391178373239824}
    m_Modifications:
    - target: {fileID: 9030904941452528551, guid: d8e61b2a0cc051142a2761388e103af7,
        type: 3}
      propertyPath: m_Name
      value: DefaultCube (12)
      objectReference: {fileID: 0}
    - target: {fileID: 9030904941452528547, guid: d8e61b2a0cc051142a2761388e103af7,
        type: 3}
      propertyPath: m_LocalPosition.x
      value: -1
      objectReference: {fileID: 0}
    - target: {fileID: 9030904941452528547, guid: d8e61b2a0cc051142a2761388e103af7,
        type: 3}
      propertyPath: m_LocalPosition.y
      value: -0.5
      objectReference: {fileID: 0}
    - target: {fileID: 9030904941452528547, guid: d8e61b2a0cc051142a2761388e103af7,
        type: 3}
      propertyPath: m_LocalPosition.z
      value: 11.5
      objectReference: {fileID: 0}
    - target: {fileID: 9030904941452528547, guid: d8e61b2a0cc051142a2761388e103af7,
        type: 3}
      propertyPath: m_LocalRotation.x
      value: -0
      objectReference: {fileID: 0}
    - target: {fileID: 9030904941452528547, guid: d8e61b2a0cc051142a2761388e103af7,
        type: 3}
      propertyPath: m_LocalRotation.y
      value: -0
      objectReference: {fileID: 0}
    - target: {fileID: 9030904941452528547, guid: d8e61b2a0cc051142a2761388e103af7,
        type: 3}
      propertyPath: m_LocalRotation.z
      value: -0
      objectReference: {fileID: 0}
    - target: {fileID: 9030904941452528547, guid: d8e61b2a0cc051142a2761388e103af7,
        type: 3}
      propertyPath: m_LocalRotation.w
      value: 1
      objectReference: {fileID: 0}
    - target: {fileID: 9030904941452528547, guid: d8e61b2a0cc051142a2761388e103af7,
        type: 3}
      propertyPath: m_RootOrder
      value: 18
      objectReference: {fileID: 0}
    - target: {fileID: 9030904941452528547, guid: d8e61b2a0cc051142a2761388e103af7,
        type: 3}
      propertyPath: m_LocalEulerAnglesHint.x
      value: 0
      objectReference: {fileID: 0}
    - target: {fileID: 9030904941452528547, guid: d8e61b2a0cc051142a2761388e103af7,
        type: 3}
      propertyPath: m_LocalEulerAnglesHint.y
      value: 0
      objectReference: {fileID: 0}
    - target: {fileID: 9030904941452528547, guid: d8e61b2a0cc051142a2761388e103af7,
        type: 3}
      propertyPath: m_LocalEulerAnglesHint.z
      value: 0
      objectReference: {fileID: 0}
    m_RemovedComponents: []
  m_SourcePrefab: {fileID: 100100000, guid: d8e61b2a0cc051142a2761388e103af7, type: 3}
--- !u!4 &6559871075459324358 stripped
Transform:
  m_CorrespondingSourceObject: {fileID: 9030904941452528547, guid: d8e61b2a0cc051142a2761388e103af7,
    type: 3}
  m_PrefabInstance: {fileID: 2764488679019106917}
  m_PrefabAsset: {fileID: 0}
--- !u!1001 &2964536142809812972
PrefabInstance:
  m_ObjectHideFlags: 0
  serializedVersion: 2
  m_Modification:
    m_TransformParent: {fileID: 2344391178373239824}
    m_Modifications:
    - target: {fileID: 9030904941452528551, guid: d8e61b2a0cc051142a2761388e103af7,
        type: 3}
      propertyPath: m_Name
      value: DefaultCube (3)
      objectReference: {fileID: 0}
    - target: {fileID: 9030904941452528547, guid: d8e61b2a0cc051142a2761388e103af7,
        type: 3}
      propertyPath: m_LocalPosition.x
      value: 1
      objectReference: {fileID: 0}
    - target: {fileID: 9030904941452528547, guid: d8e61b2a0cc051142a2761388e103af7,
        type: 3}
      propertyPath: m_LocalPosition.y
      value: -0.5
      objectReference: {fileID: 0}
    - target: {fileID: 9030904941452528547, guid: d8e61b2a0cc051142a2761388e103af7,
        type: 3}
      propertyPath: m_LocalPosition.z
      value: 3.5
      objectReference: {fileID: 0}
    - target: {fileID: 9030904941452528547, guid: d8e61b2a0cc051142a2761388e103af7,
        type: 3}
      propertyPath: m_LocalRotation.x
      value: -0
      objectReference: {fileID: 0}
    - target: {fileID: 9030904941452528547, guid: d8e61b2a0cc051142a2761388e103af7,
        type: 3}
      propertyPath: m_LocalRotation.y
      value: -0
      objectReference: {fileID: 0}
    - target: {fileID: 9030904941452528547, guid: d8e61b2a0cc051142a2761388e103af7,
        type: 3}
      propertyPath: m_LocalRotation.z
      value: -0
      objectReference: {fileID: 0}
    - target: {fileID: 9030904941452528547, guid: d8e61b2a0cc051142a2761388e103af7,
        type: 3}
      propertyPath: m_LocalRotation.w
      value: 1
      objectReference: {fileID: 0}
    - target: {fileID: 9030904941452528547, guid: d8e61b2a0cc051142a2761388e103af7,
        type: 3}
      propertyPath: m_RootOrder
      value: 8
      objectReference: {fileID: 0}
    - target: {fileID: 9030904941452528547, guid: d8e61b2a0cc051142a2761388e103af7,
        type: 3}
      propertyPath: m_LocalEulerAnglesHint.x
      value: 0
      objectReference: {fileID: 0}
    - target: {fileID: 9030904941452528547, guid: d8e61b2a0cc051142a2761388e103af7,
        type: 3}
      propertyPath: m_LocalEulerAnglesHint.y
      value: 0
      objectReference: {fileID: 0}
    - target: {fileID: 9030904941452528547, guid: d8e61b2a0cc051142a2761388e103af7,
        type: 3}
      propertyPath: m_LocalEulerAnglesHint.z
      value: 0
      objectReference: {fileID: 0}
    m_RemovedComponents: []
  m_SourcePrefab: {fileID: 100100000, guid: d8e61b2a0cc051142a2761388e103af7, type: 3}
--- !u!4 &6084395910268535887 stripped
Transform:
  m_CorrespondingSourceObject: {fileID: 9030904941452528547, guid: d8e61b2a0cc051142a2761388e103af7,
    type: 3}
  m_PrefabInstance: {fileID: 2964536142809812972}
  m_PrefabAsset: {fileID: 0}
--- !u!1001 &3746045324678433171
PrefabInstance:
  m_ObjectHideFlags: 0
  serializedVersion: 2
  m_Modification:
    m_TransformParent: {fileID: 2344391178373239824}
    m_Modifications:
    - target: {fileID: 5863476243625163796, guid: e5be78c242d80914fa40947e78030fda,
        type: 3}
      propertyPath: m_Name
      value: CoinSpawn (1)
      objectReference: {fileID: 0}
    - target: {fileID: 669266981821301029, guid: e5be78c242d80914fa40947e78030fda,
        type: 3}
      propertyPath: m_LocalPosition.x
      value: 0
      objectReference: {fileID: 0}
    - target: {fileID: 669266981821301029, guid: e5be78c242d80914fa40947e78030fda,
        type: 3}
      propertyPath: m_LocalPosition.y
      value: 0
      objectReference: {fileID: 0}
    - target: {fileID: 669266981821301029, guid: e5be78c242d80914fa40947e78030fda,
        type: 3}
      propertyPath: m_LocalPosition.z
      value: 9.5
      objectReference: {fileID: 0}
    - target: {fileID: 669266981821301029, guid: e5be78c242d80914fa40947e78030fda,
        type: 3}
      propertyPath: m_LocalRotation.x
      value: -0
      objectReference: {fileID: 0}
    - target: {fileID: 669266981821301029, guid: e5be78c242d80914fa40947e78030fda,
        type: 3}
      propertyPath: m_LocalRotation.y
      value: -0
      objectReference: {fileID: 0}
    - target: {fileID: 669266981821301029, guid: e5be78c242d80914fa40947e78030fda,
        type: 3}
      propertyPath: m_LocalRotation.z
      value: -0
      objectReference: {fileID: 0}
    - target: {fileID: 669266981821301029, guid: e5be78c242d80914fa40947e78030fda,
        type: 3}
      propertyPath: m_LocalRotation.w
      value: 1
      objectReference: {fileID: 0}
    - target: {fileID: 669266981821301029, guid: e5be78c242d80914fa40947e78030fda,
        type: 3}
      propertyPath: m_RootOrder
      value: 22
      objectReference: {fileID: 0}
    - target: {fileID: 669266981821301029, guid: e5be78c242d80914fa40947e78030fda,
        type: 3}
      propertyPath: m_LocalEulerAnglesHint.x
      value: 0
      objectReference: {fileID: 0}
    - target: {fileID: 669266981821301029, guid: e5be78c242d80914fa40947e78030fda,
        type: 3}
      propertyPath: m_LocalEulerAnglesHint.y
      value: 0
      objectReference: {fileID: 0}
    - target: {fileID: 669266981821301029, guid: e5be78c242d80914fa40947e78030fda,
        type: 3}
      propertyPath: m_LocalEulerAnglesHint.z
      value: 0
      objectReference: {fileID: 0}
    m_RemovedComponents: []
  m_SourcePrefab: {fileID: 100100000, guid: e5be78c242d80914fa40947e78030fda, type: 3}
--- !u!4 &4230312328255752374 stripped
Transform:
  m_CorrespondingSourceObject: {fileID: 669266981821301029, guid: e5be78c242d80914fa40947e78030fda,
    type: 3}
  m_PrefabInstance: {fileID: 3746045324678433171}
  m_PrefabAsset: {fileID: 0}
--- !u!1001 &3775272332518285630
PrefabInstance:
  m_ObjectHideFlags: 0
  serializedVersion: 2
  m_Modification:
    m_TransformParent: {fileID: 2344391178373239824}
    m_Modifications:
    - target: {fileID: 9030904941452528551, guid: d8e61b2a0cc051142a2761388e103af7,
        type: 3}
      propertyPath: m_Name
      value: DefaultCube (24)
      objectReference: {fileID: 0}
    - target: {fileID: 9030904941452528547, guid: d8e61b2a0cc051142a2761388e103af7,
        type: 3}
      propertyPath: m_LocalPosition.x
      value: -1
      objectReference: {fileID: 0}
    - target: {fileID: 9030904941452528547, guid: d8e61b2a0cc051142a2761388e103af7,
        type: 3}
      propertyPath: m_LocalPosition.y
      value: -0.5
      objectReference: {fileID: 0}
    - target: {fileID: 9030904941452528547, guid: d8e61b2a0cc051142a2761388e103af7,
        type: 3}
      propertyPath: m_LocalPosition.z
      value: 0.5
      objectReference: {fileID: 0}
    - target: {fileID: 9030904941452528547, guid: d8e61b2a0cc051142a2761388e103af7,
        type: 3}
      propertyPath: m_LocalRotation.x
      value: -0
      objectReference: {fileID: 0}
    - target: {fileID: 9030904941452528547, guid: d8e61b2a0cc051142a2761388e103af7,
        type: 3}
      propertyPath: m_LocalRotation.y
      value: -0
      objectReference: {fileID: 0}
    - target: {fileID: 9030904941452528547, guid: d8e61b2a0cc051142a2761388e103af7,
        type: 3}
      propertyPath: m_LocalRotation.z
      value: -0
      objectReference: {fileID: 0}
    - target: {fileID: 9030904941452528547, guid: d8e61b2a0cc051142a2761388e103af7,
        type: 3}
      propertyPath: m_LocalRotation.w
      value: 1
      objectReference: {fileID: 0}
    - target: {fileID: 9030904941452528547, guid: d8e61b2a0cc051142a2761388e103af7,
        type: 3}
      propertyPath: m_RootOrder
      value: 2
      objectReference: {fileID: 0}
    - target: {fileID: 9030904941452528547, guid: d8e61b2a0cc051142a2761388e103af7,
        type: 3}
      propertyPath: m_LocalEulerAnglesHint.x
      value: 0
      objectReference: {fileID: 0}
    - target: {fileID: 9030904941452528547, guid: d8e61b2a0cc051142a2761388e103af7,
        type: 3}
      propertyPath: m_LocalEulerAnglesHint.y
      value: 0
      objectReference: {fileID: 0}
    - target: {fileID: 9030904941452528547, guid: d8e61b2a0cc051142a2761388e103af7,
        type: 3}
      propertyPath: m_LocalEulerAnglesHint.z
      value: 0
      objectReference: {fileID: 0}
    m_RemovedComponents: []
  m_SourcePrefab: {fileID: 100100000, guid: d8e61b2a0cc051142a2761388e103af7, type: 3}
--- !u!4 &5273801051949361821 stripped
Transform:
  m_CorrespondingSourceObject: {fileID: 9030904941452528547, guid: d8e61b2a0cc051142a2761388e103af7,
    type: 3}
  m_PrefabInstance: {fileID: 3775272332518285630}
  m_PrefabAsset: {fileID: 0}
--- !u!1001 &4181250643340856115
PrefabInstance:
  m_ObjectHideFlags: 0
  serializedVersion: 2
  m_Modification:
    m_TransformParent: {fileID: 2344391178373239824}
    m_Modifications:
    - target: {fileID: 9030904941452528551, guid: d8e61b2a0cc051142a2761388e103af7,
        type: 3}
      propertyPath: m_Name
      value: DefaultCube (26)
      objectReference: {fileID: 0}
    - target: {fileID: 9030904941452528547, guid: d8e61b2a0cc051142a2761388e103af7,
        type: 3}
      propertyPath: m_LocalPosition.x
      value: -1
      objectReference: {fileID: 0}
    - target: {fileID: 9030904941452528547, guid: d8e61b2a0cc051142a2761388e103af7,
        type: 3}
      propertyPath: m_LocalPosition.y
      value: -0.5
      objectReference: {fileID: 0}
    - target: {fileID: 9030904941452528547, guid: d8e61b2a0cc051142a2761388e103af7,
        type: 3}
      propertyPath: m_LocalPosition.z
      value: 1.5
      objectReference: {fileID: 0}
    - target: {fileID: 9030904941452528547, guid: d8e61b2a0cc051142a2761388e103af7,
        type: 3}
      propertyPath: m_LocalRotation.x
      value: -0
      objectReference: {fileID: 0}
    - target: {fileID: 9030904941452528547, guid: d8e61b2a0cc051142a2761388e103af7,
        type: 3}
      propertyPath: m_LocalRotation.y
      value: -0
      objectReference: {fileID: 0}
    - target: {fileID: 9030904941452528547, guid: d8e61b2a0cc051142a2761388e103af7,
        type: 3}
      propertyPath: m_LocalRotation.z
      value: -0
      objectReference: {fileID: 0}
    - target: {fileID: 9030904941452528547, guid: d8e61b2a0cc051142a2761388e103af7,
        type: 3}
      propertyPath: m_LocalRotation.w
      value: 1
      objectReference: {fileID: 0}
    - target: {fileID: 9030904941452528547, guid: d8e61b2a0cc051142a2761388e103af7,
        type: 3}
      propertyPath: m_RootOrder
      value: 12
      objectReference: {fileID: 0}
    - target: {fileID: 9030904941452528547, guid: d8e61b2a0cc051142a2761388e103af7,
        type: 3}
      propertyPath: m_LocalEulerAnglesHint.x
      value: 0
      objectReference: {fileID: 0}
    - target: {fileID: 9030904941452528547, guid: d8e61b2a0cc051142a2761388e103af7,
        type: 3}
      propertyPath: m_LocalEulerAnglesHint.y
      value: 0
      objectReference: {fileID: 0}
    - target: {fileID: 9030904941452528547, guid: d8e61b2a0cc051142a2761388e103af7,
        type: 3}
      propertyPath: m_LocalEulerAnglesHint.z
      value: 0
      objectReference: {fileID: 0}
    m_RemovedComponents: []
  m_SourcePrefab: {fileID: 100100000, guid: d8e61b2a0cc051142a2761388e103af7, type: 3}
--- !u!4 &5139435643330199696 stripped
Transform:
  m_CorrespondingSourceObject: {fileID: 9030904941452528547, guid: d8e61b2a0cc051142a2761388e103af7,
    type: 3}
  m_PrefabInstance: {fileID: 4181250643340856115}
  m_PrefabAsset: {fileID: 0}
--- !u!1001 &4427197670501335358
PrefabInstance:
  m_ObjectHideFlags: 0
  serializedVersion: 2
  m_Modification:
    m_TransformParent: {fileID: 2344391178373239824}
    m_Modifications:
    - target: {fileID: 9030904941452528551, guid: d8e61b2a0cc051142a2761388e103af7,
        type: 3}
      propertyPath: m_Name
      value: DefaultCube (25)
      objectReference: {fileID: 0}
    - target: {fileID: 9030904941452528547, guid: d8e61b2a0cc051142a2761388e103af7,
        type: 3}
      propertyPath: m_LocalPosition.x
      value: -1
      objectReference: {fileID: 0}
    - target: {fileID: 9030904941452528547, guid: d8e61b2a0cc051142a2761388e103af7,
        type: 3}
      propertyPath: m_LocalPosition.y
      value: -0.5
      objectReference: {fileID: 0}
    - target: {fileID: 9030904941452528547, guid: d8e61b2a0cc051142a2761388e103af7,
        type: 3}
      propertyPath: m_LocalPosition.z
      value: 3.5
      objectReference: {fileID: 0}
    - target: {fileID: 9030904941452528547, guid: d8e61b2a0cc051142a2761388e103af7,
        type: 3}
      propertyPath: m_LocalRotation.x
      value: -0
      objectReference: {fileID: 0}
    - target: {fileID: 9030904941452528547, guid: d8e61b2a0cc051142a2761388e103af7,
        type: 3}
      propertyPath: m_LocalRotation.y
      value: -0
      objectReference: {fileID: 0}
    - target: {fileID: 9030904941452528547, guid: d8e61b2a0cc051142a2761388e103af7,
        type: 3}
      propertyPath: m_LocalRotation.z
      value: -0
      objectReference: {fileID: 0}
    - target: {fileID: 9030904941452528547, guid: d8e61b2a0cc051142a2761388e103af7,
        type: 3}
      propertyPath: m_LocalRotation.w
      value: 1
      objectReference: {fileID: 0}
    - target: {fileID: 9030904941452528547, guid: d8e61b2a0cc051142a2761388e103af7,
        type: 3}
      propertyPath: m_RootOrder
      value: 9
      objectReference: {fileID: 0}
    - target: {fileID: 9030904941452528547, guid: d8e61b2a0cc051142a2761388e103af7,
        type: 3}
      propertyPath: m_LocalEulerAnglesHint.x
      value: 0
      objectReference: {fileID: 0}
    - target: {fileID: 9030904941452528547, guid: d8e61b2a0cc051142a2761388e103af7,
        type: 3}
      propertyPath: m_LocalEulerAnglesHint.y
      value: 0
      objectReference: {fileID: 0}
    - target: {fileID: 9030904941452528547, guid: d8e61b2a0cc051142a2761388e103af7,
        type: 3}
      propertyPath: m_LocalEulerAnglesHint.z
      value: 0
      objectReference: {fileID: 0}
    m_RemovedComponents: []
  m_SourcePrefab: {fileID: 100100000, guid: d8e61b2a0cc051142a2761388e103af7, type: 3}
--- !u!4 &4622004804044081821 stripped
Transform:
  m_CorrespondingSourceObject: {fileID: 9030904941452528547, guid: d8e61b2a0cc051142a2761388e103af7,
    type: 3}
  m_PrefabInstance: {fileID: 4427197670501335358}
  m_PrefabAsset: {fileID: 0}
--- !u!1001 &4786283147233035412
PrefabInstance:
  m_ObjectHideFlags: 0
  serializedVersion: 2
  m_Modification:
    m_TransformParent: {fileID: 2344391178373239824}
    m_Modifications:
    - target: {fileID: 9030904941452528551, guid: d8e61b2a0cc051142a2761388e103af7,
        type: 3}
      propertyPath: m_Name
      value: DefaultCube (1)
      objectReference: {fileID: 0}
    - target: {fileID: 9030904941452528547, guid: d8e61b2a0cc051142a2761388e103af7,
        type: 3}
      propertyPath: m_LocalPosition.x
      value: 1
      objectReference: {fileID: 0}
    - target: {fileID: 9030904941452528547, guid: d8e61b2a0cc051142a2761388e103af7,
        type: 3}
      propertyPath: m_LocalPosition.y
      value: -0.5
      objectReference: {fileID: 0}
    - target: {fileID: 9030904941452528547, guid: d8e61b2a0cc051142a2761388e103af7,
        type: 3}
      propertyPath: m_LocalPosition.z
      value: 0.5
      objectReference: {fileID: 0}
    - target: {fileID: 9030904941452528547, guid: d8e61b2a0cc051142a2761388e103af7,
        type: 3}
      propertyPath: m_LocalRotation.x
      value: -0
      objectReference: {fileID: 0}
    - target: {fileID: 9030904941452528547, guid: d8e61b2a0cc051142a2761388e103af7,
        type: 3}
      propertyPath: m_LocalRotation.y
      value: -0
      objectReference: {fileID: 0}
    - target: {fileID: 9030904941452528547, guid: d8e61b2a0cc051142a2761388e103af7,
        type: 3}
      propertyPath: m_LocalRotation.z
      value: -0
      objectReference: {fileID: 0}
    - target: {fileID: 9030904941452528547, guid: d8e61b2a0cc051142a2761388e103af7,
        type: 3}
      propertyPath: m_LocalRotation.w
      value: 1
      objectReference: {fileID: 0}
    - target: {fileID: 9030904941452528547, guid: d8e61b2a0cc051142a2761388e103af7,
        type: 3}
      propertyPath: m_RootOrder
      value: 1
      objectReference: {fileID: 0}
    - target: {fileID: 9030904941452528547, guid: d8e61b2a0cc051142a2761388e103af7,
        type: 3}
      propertyPath: m_LocalEulerAnglesHint.x
      value: 0
      objectReference: {fileID: 0}
    - target: {fileID: 9030904941452528547, guid: d8e61b2a0cc051142a2761388e103af7,
        type: 3}
      propertyPath: m_LocalEulerAnglesHint.y
      value: 0
      objectReference: {fileID: 0}
    - target: {fileID: 9030904941452528547, guid: d8e61b2a0cc051142a2761388e103af7,
        type: 3}
      propertyPath: m_LocalEulerAnglesHint.z
      value: 0
      objectReference: {fileID: 0}
    m_RemovedComponents: []
  m_SourcePrefab: {fileID: 100100000, guid: d8e61b2a0cc051142a2761388e103af7, type: 3}
--- !u!4 &4555517585753018167 stripped
Transform:
  m_CorrespondingSourceObject: {fileID: 9030904941452528547, guid: d8e61b2a0cc051142a2761388e103af7,
    type: 3}
  m_PrefabInstance: {fileID: 4786283147233035412}
  m_PrefabAsset: {fileID: 0}
--- !u!1001 &5133300613963761957
PrefabInstance:
  m_ObjectHideFlags: 0
  serializedVersion: 2
  m_Modification:
    m_TransformParent: {fileID: 2344391178373239824}
    m_Modifications:
    - target: {fileID: 9030904941452528551, guid: d8e61b2a0cc051142a2761388e103af7,
        type: 3}
      propertyPath: m_Name
      value: DefaultCube (15)
      objectReference: {fileID: 0}
    - target: {fileID: 9030904941452528547, guid: d8e61b2a0cc051142a2761388e103af7,
        type: 3}
      propertyPath: m_LocalPosition.x
      value: -2
      objectReference: {fileID: 0}
    - target: {fileID: 9030904941452528547, guid: d8e61b2a0cc051142a2761388e103af7,
        type: 3}
      propertyPath: m_LocalPosition.y
      value: -0.5
      objectReference: {fileID: 0}
    - target: {fileID: 9030904941452528547, guid: d8e61b2a0cc051142a2761388e103af7,
        type: 3}
      propertyPath: m_LocalPosition.z
      value: 13.5
      objectReference: {fileID: 0}
    - target: {fileID: 9030904941452528547, guid: d8e61b2a0cc051142a2761388e103af7,
        type: 3}
      propertyPath: m_LocalRotation.x
      value: -0
      objectReference: {fileID: 0}
    - target: {fileID: 9030904941452528547, guid: d8e61b2a0cc051142a2761388e103af7,
        type: 3}
      propertyPath: m_LocalRotation.y
      value: -0
      objectReference: {fileID: 0}
    - target: {fileID: 9030904941452528547, guid: d8e61b2a0cc051142a2761388e103af7,
        type: 3}
      propertyPath: m_LocalRotation.z
      value: -0
      objectReference: {fileID: 0}
    - target: {fileID: 9030904941452528547, guid: d8e61b2a0cc051142a2761388e103af7,
        type: 3}
      propertyPath: m_LocalRotation.w
      value: 1
      objectReference: {fileID: 0}
    - target: {fileID: 9030904941452528547, guid: d8e61b2a0cc051142a2761388e103af7,
        type: 3}
      propertyPath: m_RootOrder
      value: 21
      objectReference: {fileID: 0}
    - target: {fileID: 9030904941452528547, guid: d8e61b2a0cc051142a2761388e103af7,
        type: 3}
      propertyPath: m_LocalEulerAnglesHint.x
      value: 0
      objectReference: {fileID: 0}
    - target: {fileID: 9030904941452528547, guid: d8e61b2a0cc051142a2761388e103af7,
        type: 3}
      propertyPath: m_LocalEulerAnglesHint.y
      value: 0
      objectReference: {fileID: 0}
    - target: {fileID: 9030904941452528547, guid: d8e61b2a0cc051142a2761388e103af7,
        type: 3}
      propertyPath: m_LocalEulerAnglesHint.z
      value: 0
      objectReference: {fileID: 0}
    m_RemovedComponents: []
  m_SourcePrefab: {fileID: 100100000, guid: d8e61b2a0cc051142a2761388e103af7, type: 3}
--- !u!4 &4208927780852974214 stripped
Transform:
  m_CorrespondingSourceObject: {fileID: 9030904941452528547, guid: d8e61b2a0cc051142a2761388e103af7,
    type: 3}
  m_PrefabInstance: {fileID: 5133300613963761957}
  m_PrefabAsset: {fileID: 0}
--- !u!1001 &5819845309432084982
PrefabInstance:
  m_ObjectHideFlags: 0
  serializedVersion: 2
  m_Modification:
    m_TransformParent: {fileID: 2344391178373239824}
    m_Modifications:
    - target: {fileID: 9030904941452528551, guid: d8e61b2a0cc051142a2761388e103af7,
        type: 3}
      propertyPath: m_Name
      value: DefaultCube (6)
      objectReference: {fileID: 0}
    - target: {fileID: 9030904941452528547, guid: d8e61b2a0cc051142a2761388e103af7,
        type: 3}
      propertyPath: m_LocalPosition.x
      value: 1
      objectReference: {fileID: 0}
    - target: {fileID: 9030904941452528547, guid: d8e61b2a0cc051142a2761388e103af7,
        type: 3}
      propertyPath: m_LocalPosition.y
      value: -0.5
      objectReference: {fileID: 0}
    - target: {fileID: 9030904941452528547, guid: d8e61b2a0cc051142a2761388e103af7,
        type: 3}
      propertyPath: m_LocalPosition.z
      value: 1.5
      objectReference: {fileID: 0}
    - target: {fileID: 9030904941452528547, guid: d8e61b2a0cc051142a2761388e103af7,
        type: 3}
      propertyPath: m_LocalRotation.x
      value: -0
      objectReference: {fileID: 0}
    - target: {fileID: 9030904941452528547, guid: d8e61b2a0cc051142a2761388e103af7,
        type: 3}
      propertyPath: m_LocalRotation.y
      value: -0
      objectReference: {fileID: 0}
    - target: {fileID: 9030904941452528547, guid: d8e61b2a0cc051142a2761388e103af7,
        type: 3}
      propertyPath: m_LocalRotation.z
      value: -0
      objectReference: {fileID: 0}
    - target: {fileID: 9030904941452528547, guid: d8e61b2a0cc051142a2761388e103af7,
        type: 3}
      propertyPath: m_LocalRotation.w
      value: 1
      objectReference: {fileID: 0}
    - target: {fileID: 9030904941452528547, guid: d8e61b2a0cc051142a2761388e103af7,
        type: 3}
      propertyPath: m_RootOrder
      value: 11
      objectReference: {fileID: 0}
    - target: {fileID: 9030904941452528547, guid: d8e61b2a0cc051142a2761388e103af7,
        type: 3}
      propertyPath: m_LocalEulerAnglesHint.x
      value: 0
      objectReference: {fileID: 0}
    - target: {fileID: 9030904941452528547, guid: d8e61b2a0cc051142a2761388e103af7,
        type: 3}
      propertyPath: m_LocalEulerAnglesHint.y
      value: 0
      objectReference: {fileID: 0}
    - target: {fileID: 9030904941452528547, guid: d8e61b2a0cc051142a2761388e103af7,
        type: 3}
      propertyPath: m_LocalEulerAnglesHint.z
      value: 0
      objectReference: {fileID: 0}
    m_RemovedComponents: []
  m_SourcePrefab: {fileID: 100100000, guid: d8e61b2a0cc051142a2761388e103af7, type: 3}
--- !u!4 &3283131047947350613 stripped
Transform:
  m_CorrespondingSourceObject: {fileID: 9030904941452528547, guid: d8e61b2a0cc051142a2761388e103af7,
    type: 3}
  m_PrefabInstance: {fileID: 5819845309432084982}
  m_PrefabAsset: {fileID: 0}
--- !u!1001 &5849191446710908068
PrefabInstance:
  m_ObjectHideFlags: 0
  serializedVersion: 2
  m_Modification:
    m_TransformParent: {fileID: 2344391178373239824}
    m_Modifications:
    - target: {fileID: 9030904941452528551, guid: d8e61b2a0cc051142a2761388e103af7,
        type: 3}
      propertyPath: m_Name
      value: DefaultCube (8)
      objectReference: {fileID: 0}
    - target: {fileID: 9030904941452528547, guid: d8e61b2a0cc051142a2761388e103af7,
        type: 3}
      propertyPath: m_LocalPosition.x
      value: 1
      objectReference: {fileID: 0}
    - target: {fileID: 9030904941452528547, guid: d8e61b2a0cc051142a2761388e103af7,
        type: 3}
      propertyPath: m_LocalPosition.y
      value: -0.5
      objectReference: {fileID: 0}
    - target: {fileID: 9030904941452528547, guid: d8e61b2a0cc051142a2761388e103af7,
        type: 3}
      propertyPath: m_LocalPosition.z
      value: 2.5
      objectReference: {fileID: 0}
    - target: {fileID: 9030904941452528547, guid: d8e61b2a0cc051142a2761388e103af7,
        type: 3}
      propertyPath: m_LocalRotation.x
      value: -0
      objectReference: {fileID: 0}
    - target: {fileID: 9030904941452528547, guid: d8e61b2a0cc051142a2761388e103af7,
        type: 3}
      propertyPath: m_LocalRotation.y
      value: -0
      objectReference: {fileID: 0}
    - target: {fileID: 9030904941452528547, guid: d8e61b2a0cc051142a2761388e103af7,
        type: 3}
      propertyPath: m_LocalRotation.z
      value: -0
      objectReference: {fileID: 0}
    - target: {fileID: 9030904941452528547, guid: d8e61b2a0cc051142a2761388e103af7,
        type: 3}
      propertyPath: m_LocalRotation.w
      value: 1
      objectReference: {fileID: 0}
    - target: {fileID: 9030904941452528547, guid: d8e61b2a0cc051142a2761388e103af7,
        type: 3}
      propertyPath: m_RootOrder
      value: 14
      objectReference: {fileID: 0}
    - target: {fileID: 9030904941452528547, guid: d8e61b2a0cc051142a2761388e103af7,
        type: 3}
      propertyPath: m_LocalEulerAnglesHint.x
      value: 0
      objectReference: {fileID: 0}
    - target: {fileID: 9030904941452528547, guid: d8e61b2a0cc051142a2761388e103af7,
        type: 3}
      propertyPath: m_LocalEulerAnglesHint.y
      value: 0
      objectReference: {fileID: 0}
    - target: {fileID: 9030904941452528547, guid: d8e61b2a0cc051142a2761388e103af7,
        type: 3}
      propertyPath: m_LocalEulerAnglesHint.z
      value: 0
      objectReference: {fileID: 0}
    m_RemovedComponents: []
  m_SourcePrefab: {fileID: 100100000, guid: d8e61b2a0cc051142a2761388e103af7, type: 3}
--- !u!4 &3204514077177937671 stripped
Transform:
  m_CorrespondingSourceObject: {fileID: 9030904941452528547, guid: d8e61b2a0cc051142a2761388e103af7,
    type: 3}
  m_PrefabInstance: {fileID: 5849191446710908068}
  m_PrefabAsset: {fileID: 0}
--- !u!1001 &6417873052625990423
PrefabInstance:
  m_ObjectHideFlags: 0
  serializedVersion: 2
  m_Modification:
    m_TransformParent: {fileID: 2344391178373239824}
    m_Modifications:
    - target: {fileID: 5863476243625163796, guid: e5be78c242d80914fa40947e78030fda,
        type: 3}
      propertyPath: m_Name
      value: CoinSpawn (3)
      objectReference: {fileID: 0}
    - target: {fileID: 669266981821301029, guid: e5be78c242d80914fa40947e78030fda,
        type: 3}
      propertyPath: m_LocalPosition.x
      value: 1
      objectReference: {fileID: 0}
    - target: {fileID: 669266981821301029, guid: e5be78c242d80914fa40947e78030fda,
        type: 3}
      propertyPath: m_LocalPosition.y
      value: 0
      objectReference: {fileID: 0}
    - target: {fileID: 669266981821301029, guid: e5be78c242d80914fa40947e78030fda,
        type: 3}
      propertyPath: m_LocalPosition.z
      value: 7.5
      objectReference: {fileID: 0}
    - target: {fileID: 669266981821301029, guid: e5be78c242d80914fa40947e78030fda,
        type: 3}
      propertyPath: m_LocalRotation.x
      value: -0
      objectReference: {fileID: 0}
    - target: {fileID: 669266981821301029, guid: e5be78c242d80914fa40947e78030fda,
        type: 3}
      propertyPath: m_LocalRotation.y
      value: -0
      objectReference: {fileID: 0}
    - target: {fileID: 669266981821301029, guid: e5be78c242d80914fa40947e78030fda,
        type: 3}
      propertyPath: m_LocalRotation.z
      value: -0
      objectReference: {fileID: 0}
    - target: {fileID: 669266981821301029, guid: e5be78c242d80914fa40947e78030fda,
        type: 3}
      propertyPath: m_LocalRotation.w
      value: 1
      objectReference: {fileID: 0}
    - target: {fileID: 669266981821301029, guid: e5be78c242d80914fa40947e78030fda,
        type: 3}
      propertyPath: m_RootOrder
      value: 24
      objectReference: {fileID: 0}
    - target: {fileID: 669266981821301029, guid: e5be78c242d80914fa40947e78030fda,
        type: 3}
      propertyPath: m_LocalEulerAnglesHint.x
      value: 0
      objectReference: {fileID: 0}
    - target: {fileID: 669266981821301029, guid: e5be78c242d80914fa40947e78030fda,
        type: 3}
      propertyPath: m_LocalEulerAnglesHint.y
      value: 0
      objectReference: {fileID: 0}
    - target: {fileID: 669266981821301029, guid: e5be78c242d80914fa40947e78030fda,
        type: 3}
      propertyPath: m_LocalEulerAnglesHint.z
      value: 0
      objectReference: {fileID: 0}
    m_RemovedComponents: []
  m_SourcePrefab: {fileID: 100100000, guid: e5be78c242d80914fa40947e78030fda, type: 3}
--- !u!4 &5789776785625952818 stripped
Transform:
  m_CorrespondingSourceObject: {fileID: 669266981821301029, guid: e5be78c242d80914fa40947e78030fda,
    type: 3}
  m_PrefabInstance: {fileID: 6417873052625990423}
  m_PrefabAsset: {fileID: 0}
--- !u!1001 &6719364732548129439
PrefabInstance:
  m_ObjectHideFlags: 0
  serializedVersion: 2
  m_Modification:
    m_TransformParent: {fileID: 2344391178373239824}
    m_Modifications:
    - target: {fileID: 9030904941452528551, guid: d8e61b2a0cc051142a2761388e103af7,
        type: 3}
      propertyPath: m_Name
      value: DefaultCube (9)
      objectReference: {fileID: 0}
    - target: {fileID: 9030904941452528547, guid: d8e61b2a0cc051142a2761388e103af7,
        type: 3}
      propertyPath: m_LocalPosition.x
      value: -2
      objectReference: {fileID: 0}
    - target: {fileID: 9030904941452528547, guid: d8e61b2a0cc051142a2761388e103af7,
        type: 3}
      propertyPath: m_LocalPosition.y
      value: -0.5
      objectReference: {fileID: 0}
    - target: {fileID: 9030904941452528547, guid: d8e61b2a0cc051142a2761388e103af7,
        type: 3}
      propertyPath: m_LocalPosition.z
      value: 5.5
      objectReference: {fileID: 0}
    - target: {fileID: 9030904941452528547, guid: d8e61b2a0cc051142a2761388e103af7,
        type: 3}
      propertyPath: m_LocalRotation.x
      value: -0
      objectReference: {fileID: 0}
    - target: {fileID: 9030904941452528547, guid: d8e61b2a0cc051142a2761388e103af7,
        type: 3}
      propertyPath: m_LocalRotation.y
      value: -0
      objectReference: {fileID: 0}
    - target: {fileID: 9030904941452528547, guid: d8e61b2a0cc051142a2761388e103af7,
        type: 3}
      propertyPath: m_LocalRotation.z
      value: -0
      objectReference: {fileID: 0}
    - target: {fileID: 9030904941452528547, guid: d8e61b2a0cc051142a2761388e103af7,
        type: 3}
      propertyPath: m_LocalRotation.w
      value: 1
      objectReference: {fileID: 0}
    - target: {fileID: 9030904941452528547, guid: d8e61b2a0cc051142a2761388e103af7,
        type: 3}
      propertyPath: m_RootOrder
      value: 3
      objectReference: {fileID: 0}
    - target: {fileID: 9030904941452528547, guid: d8e61b2a0cc051142a2761388e103af7,
        type: 3}
      propertyPath: m_LocalEulerAnglesHint.x
      value: 0
      objectReference: {fileID: 0}
    - target: {fileID: 9030904941452528547, guid: d8e61b2a0cc051142a2761388e103af7,
        type: 3}
      propertyPath: m_LocalEulerAnglesHint.y
      value: 0
      objectReference: {fileID: 0}
    - target: {fileID: 9030904941452528547, guid: d8e61b2a0cc051142a2761388e103af7,
        type: 3}
      propertyPath: m_LocalEulerAnglesHint.z
      value: 0
      objectReference: {fileID: 0}
    m_RemovedComponents: []
  m_SourcePrefab: {fileID: 100100000, guid: d8e61b2a0cc051142a2761388e103af7, type: 3}
--- !u!4 &2336174883568396604 stripped
Transform:
  m_CorrespondingSourceObject: {fileID: 9030904941452528547, guid: d8e61b2a0cc051142a2761388e103af7,
    type: 3}
  m_PrefabInstance: {fileID: 6719364732548129439}
  m_PrefabAsset: {fileID: 0}
--- !u!1001 &6985743392020659963
PrefabInstance:
  m_ObjectHideFlags: 0
  serializedVersion: 2
  m_Modification:
    m_TransformParent: {fileID: 2344391178373239824}
    m_Modifications:
    - target: {fileID: 9030904941452528551, guid: d8e61b2a0cc051142a2761388e103af7,
        type: 3}
      propertyPath: m_Name
      value: DefaultCube (7)
      objectReference: {fileID: 0}
    - target: {fileID: 9030904941452528547, guid: d8e61b2a0cc051142a2761388e103af7,
        type: 3}
      propertyPath: m_LocalPosition.x
      value: 0
      objectReference: {fileID: 0}
    - target: {fileID: 9030904941452528547, guid: d8e61b2a0cc051142a2761388e103af7,
        type: 3}
      propertyPath: m_LocalPosition.y
      value: -0.5
      objectReference: {fileID: 0}
    - target: {fileID: 9030904941452528547, guid: d8e61b2a0cc051142a2761388e103af7,
        type: 3}
      propertyPath: m_LocalPosition.z
      value: 2.5
      objectReference: {fileID: 0}
    - target: {fileID: 9030904941452528547, guid: d8e61b2a0cc051142a2761388e103af7,
        type: 3}
      propertyPath: m_LocalRotation.x
      value: -0
      objectReference: {fileID: 0}
    - target: {fileID: 9030904941452528547, guid: d8e61b2a0cc051142a2761388e103af7,
        type: 3}
      propertyPath: m_LocalRotation.y
      value: -0
      objectReference: {fileID: 0}
    - target: {fileID: 9030904941452528547, guid: d8e61b2a0cc051142a2761388e103af7,
        type: 3}
      propertyPath: m_LocalRotation.z
      value: -0
      objectReference: {fileID: 0}
    - target: {fileID: 9030904941452528547, guid: d8e61b2a0cc051142a2761388e103af7,
        type: 3}
      propertyPath: m_LocalRotation.w
      value: 1
      objectReference: {fileID: 0}
    - target: {fileID: 9030904941452528547, guid: d8e61b2a0cc051142a2761388e103af7,
        type: 3}
      propertyPath: m_RootOrder
      value: 13
      objectReference: {fileID: 0}
    - target: {fileID: 9030904941452528547, guid: d8e61b2a0cc051142a2761388e103af7,
        type: 3}
      propertyPath: m_LocalEulerAnglesHint.x
      value: 0
      objectReference: {fileID: 0}
    - target: {fileID: 9030904941452528547, guid: d8e61b2a0cc051142a2761388e103af7,
        type: 3}
      propertyPath: m_LocalEulerAnglesHint.y
      value: 0
      objectReference: {fileID: 0}
    - target: {fileID: 9030904941452528547, guid: d8e61b2a0cc051142a2761388e103af7,
        type: 3}
      propertyPath: m_LocalEulerAnglesHint.z
      value: 0
      objectReference: {fileID: 0}
    m_RemovedComponents: []
  m_SourcePrefab: {fileID: 100100000, guid: d8e61b2a0cc051142a2761388e103af7, type: 3}
--- !u!4 &2136501348289836376 stripped
Transform:
  m_CorrespondingSourceObject: {fileID: 9030904941452528547, guid: d8e61b2a0cc051142a2761388e103af7,
    type: 3}
  m_PrefabInstance: {fileID: 6985743392020659963}
  m_PrefabAsset: {fileID: 0}
--- !u!1001 &7412578370269015637
PrefabInstance:
  m_ObjectHideFlags: 0
  serializedVersion: 2
  m_Modification:
    m_TransformParent: {fileID: 2344391178373239824}
    m_Modifications:
    - target: {fileID: 9030904941452528551, guid: d8e61b2a0cc051142a2761388e103af7,
        type: 3}
      propertyPath: m_Name
      value: DefaultCube (13)
      objectReference: {fileID: 0}
    - target: {fileID: 9030904941452528547, guid: d8e61b2a0cc051142a2761388e103af7,
        type: 3}
      propertyPath: m_LocalPosition.x
      value: 1
      objectReference: {fileID: 0}
    - target: {fileID: 9030904941452528547, guid: d8e61b2a0cc051142a2761388e103af7,
        type: 3}
      propertyPath: m_LocalPosition.y
      value: -0.5
      objectReference: {fileID: 0}
    - target: {fileID: 9030904941452528547, guid: d8e61b2a0cc051142a2761388e103af7,
        type: 3}
      propertyPath: m_LocalPosition.z
      value: 11.5
      objectReference: {fileID: 0}
    - target: {fileID: 9030904941452528547, guid: d8e61b2a0cc051142a2761388e103af7,
        type: 3}
      propertyPath: m_LocalRotation.x
      value: -0
      objectReference: {fileID: 0}
    - target: {fileID: 9030904941452528547, guid: d8e61b2a0cc051142a2761388e103af7,
        type: 3}
      propertyPath: m_LocalRotation.y
      value: -0
      objectReference: {fileID: 0}
    - target: {fileID: 9030904941452528547, guid: d8e61b2a0cc051142a2761388e103af7,
        type: 3}
      propertyPath: m_LocalRotation.z
      value: -0
      objectReference: {fileID: 0}
    - target: {fileID: 9030904941452528547, guid: d8e61b2a0cc051142a2761388e103af7,
        type: 3}
      propertyPath: m_LocalRotation.w
      value: 1
      objectReference: {fileID: 0}
    - target: {fileID: 9030904941452528547, guid: d8e61b2a0cc051142a2761388e103af7,
        type: 3}
      propertyPath: m_RootOrder
      value: 19
      objectReference: {fileID: 0}
    - target: {fileID: 9030904941452528547, guid: d8e61b2a0cc051142a2761388e103af7,
        type: 3}
      propertyPath: m_LocalEulerAnglesHint.x
      value: 0
      objectReference: {fileID: 0}
    - target: {fileID: 9030904941452528547, guid: d8e61b2a0cc051142a2761388e103af7,
        type: 3}
      propertyPath: m_LocalEulerAnglesHint.y
      value: 0
      objectReference: {fileID: 0}
    - target: {fileID: 9030904941452528547, guid: d8e61b2a0cc051142a2761388e103af7,
        type: 3}
      propertyPath: m_LocalEulerAnglesHint.z
      value: 0
      objectReference: {fileID: 0}
    m_RemovedComponents: []
  m_SourcePrefab: {fileID: 100100000, guid: d8e61b2a0cc051142a2761388e103af7, type: 3}
--- !u!4 &1984676707998230006 stripped
Transform:
  m_CorrespondingSourceObject: {fileID: 9030904941452528547, guid: d8e61b2a0cc051142a2761388e103af7,
    type: 3}
  m_PrefabInstance: {fileID: 7412578370269015637}
  m_PrefabAsset: {fileID: 0}
--- !u!1001 &7996921059405336872
PrefabInstance:
  m_ObjectHideFlags: 0
  serializedVersion: 2
  m_Modification:
    m_TransformParent: {fileID: 2344391178373239824}
    m_Modifications:
    - target: {fileID: 9030904941452528551, guid: d8e61b2a0cc051142a2761388e103af7,
        type: 3}
      propertyPath: m_Name
      value: DefaultCube
      objectReference: {fileID: 0}
    - target: {fileID: 9030904941452528547, guid: d8e61b2a0cc051142a2761388e103af7,
        type: 3}
      propertyPath: m_LocalPosition.x
      value: 0
      objectReference: {fileID: 0}
    - target: {fileID: 9030904941452528547, guid: d8e61b2a0cc051142a2761388e103af7,
        type: 3}
      propertyPath: m_LocalPosition.y
      value: -0.5
      objectReference: {fileID: 0}
    - target: {fileID: 9030904941452528547, guid: d8e61b2a0cc051142a2761388e103af7,
        type: 3}
      propertyPath: m_LocalPosition.z
      value: 0.5
      objectReference: {fileID: 0}
    - target: {fileID: 9030904941452528547, guid: d8e61b2a0cc051142a2761388e103af7,
        type: 3}
      propertyPath: m_LocalRotation.x
      value: -0
      objectReference: {fileID: 0}
    - target: {fileID: 9030904941452528547, guid: d8e61b2a0cc051142a2761388e103af7,
        type: 3}
      propertyPath: m_LocalRotation.y
      value: -0
      objectReference: {fileID: 0}
    - target: {fileID: 9030904941452528547, guid: d8e61b2a0cc051142a2761388e103af7,
        type: 3}
      propertyPath: m_LocalRotation.z
      value: -0
      objectReference: {fileID: 0}
    - target: {fileID: 9030904941452528547, guid: d8e61b2a0cc051142a2761388e103af7,
        type: 3}
      propertyPath: m_LocalRotation.w
      value: 1
      objectReference: {fileID: 0}
    - target: {fileID: 9030904941452528547, guid: d8e61b2a0cc051142a2761388e103af7,
        type: 3}
      propertyPath: m_RootOrder
      value: 0
      objectReference: {fileID: 0}
    - target: {fileID: 9030904941452528547, guid: d8e61b2a0cc051142a2761388e103af7,
        type: 3}
      propertyPath: m_LocalEulerAnglesHint.x
      value: 0
      objectReference: {fileID: 0}
    - target: {fileID: 9030904941452528547, guid: d8e61b2a0cc051142a2761388e103af7,
        type: 3}
      propertyPath: m_LocalEulerAnglesHint.y
      value: 0
      objectReference: {fileID: 0}
    - target: {fileID: 9030904941452528547, guid: d8e61b2a0cc051142a2761388e103af7,
        type: 3}
      propertyPath: m_LocalEulerAnglesHint.z
      value: 0
      objectReference: {fileID: 0}
    m_RemovedComponents: []
  m_SourcePrefab: {fileID: 100100000, guid: d8e61b2a0cc051142a2761388e103af7, type: 3}
--- !u!4 &1418349554866789003 stripped
Transform:
  m_CorrespondingSourceObject: {fileID: 9030904941452528547, guid: d8e61b2a0cc051142a2761388e103af7,
    type: 3}
  m_PrefabInstance: {fileID: 7996921059405336872}
  m_PrefabAsset: {fileID: 0}
--- !u!1001 &8156836697095460065
PrefabInstance:
  m_ObjectHideFlags: 0
  serializedVersion: 2
  m_Modification:
    m_TransformParent: {fileID: 2344391178373239824}
    m_Modifications:
    - target: {fileID: 9030904941452528551, guid: d8e61b2a0cc051142a2761388e103af7,
        type: 3}
      propertyPath: m_Name
      value: DefaultCube (5)
      objectReference: {fileID: 0}
    - target: {fileID: 9030904941452528547, guid: d8e61b2a0cc051142a2761388e103af7,
        type: 3}
      propertyPath: m_LocalPosition.x
      value: 0
      objectReference: {fileID: 0}
    - target: {fileID: 9030904941452528547, guid: d8e61b2a0cc051142a2761388e103af7,
        type: 3}
      propertyPath: m_LocalPosition.y
      value: -0.5
      objectReference: {fileID: 0}
    - target: {fileID: 9030904941452528547, guid: d8e61b2a0cc051142a2761388e103af7,
        type: 3}
      propertyPath: m_LocalPosition.z
      value: 1.5
      objectReference: {fileID: 0}
    - target: {fileID: 9030904941452528547, guid: d8e61b2a0cc051142a2761388e103af7,
        type: 3}
      propertyPath: m_LocalRotation.x
      value: -0
      objectReference: {fileID: 0}
    - target: {fileID: 9030904941452528547, guid: d8e61b2a0cc051142a2761388e103af7,
        type: 3}
      propertyPath: m_LocalRotation.y
      value: -0
      objectReference: {fileID: 0}
    - target: {fileID: 9030904941452528547, guid: d8e61b2a0cc051142a2761388e103af7,
        type: 3}
      propertyPath: m_LocalRotation.z
      value: -0
      objectReference: {fileID: 0}
    - target: {fileID: 9030904941452528547, guid: d8e61b2a0cc051142a2761388e103af7,
        type: 3}
      propertyPath: m_LocalRotation.w
      value: 1
      objectReference: {fileID: 0}
    - target: {fileID: 9030904941452528547, guid: d8e61b2a0cc051142a2761388e103af7,
        type: 3}
      propertyPath: m_RootOrder
      value: 10
      objectReference: {fileID: 0}
    - target: {fileID: 9030904941452528547, guid: d8e61b2a0cc051142a2761388e103af7,
        type: 3}
      propertyPath: m_LocalEulerAnglesHint.x
      value: 0
      objectReference: {fileID: 0}
    - target: {fileID: 9030904941452528547, guid: d8e61b2a0cc051142a2761388e103af7,
        type: 3}
      propertyPath: m_LocalEulerAnglesHint.y
      value: 0
      objectReference: {fileID: 0}
    - target: {fileID: 9030904941452528547, guid: d8e61b2a0cc051142a2761388e103af7,
        type: 3}
      propertyPath: m_LocalEulerAnglesHint.z
      value: 0
      objectReference: {fileID: 0}
    m_RemovedComponents: []
  m_SourcePrefab: {fileID: 100100000, guid: d8e61b2a0cc051142a2761388e103af7, type: 3}
--- !u!4 &893647798344867650 stripped
Transform:
  m_CorrespondingSourceObject: {fileID: 9030904941452528547, guid: d8e61b2a0cc051142a2761388e103af7,
    type: 3}
  m_PrefabInstance: {fileID: 8156836697095460065}
  m_PrefabAsset: {fileID: 0}
--- !u!1001 &8169380015354095974
PrefabInstance:
  m_ObjectHideFlags: 0
  serializedVersion: 2
  m_Modification:
    m_TransformParent: {fileID: 2344391178373239824}
    m_Modifications:
    - target: {fileID: 9030904941452528551, guid: d8e61b2a0cc051142a2761388e103af7,
        type: 3}
      propertyPath: m_Name
      value: DefaultCube (10)
      objectReference: {fileID: 0}
    - target: {fileID: 9030904941452528547, guid: d8e61b2a0cc051142a2761388e103af7,
        type: 3}
      propertyPath: m_LocalPosition.x
      value: -1
      objectReference: {fileID: 0}
    - target: {fileID: 9030904941452528547, guid: d8e61b2a0cc051142a2761388e103af7,
        type: 3}
      propertyPath: m_LocalPosition.y
      value: -0.5
      objectReference: {fileID: 0}
    - target: {fileID: 9030904941452528547, guid: d8e61b2a0cc051142a2761388e103af7,
        type: 3}
      propertyPath: m_LocalPosition.z
      value: 7.5
      objectReference: {fileID: 0}
    - target: {fileID: 9030904941452528547, guid: d8e61b2a0cc051142a2761388e103af7,
        type: 3}
      propertyPath: m_LocalRotation.x
      value: -0
      objectReference: {fileID: 0}
    - target: {fileID: 9030904941452528547, guid: d8e61b2a0cc051142a2761388e103af7,
        type: 3}
      propertyPath: m_LocalRotation.y
      value: -0
      objectReference: {fileID: 0}
    - target: {fileID: 9030904941452528547, guid: d8e61b2a0cc051142a2761388e103af7,
        type: 3}
      propertyPath: m_LocalRotation.z
      value: -0
      objectReference: {fileID: 0}
    - target: {fileID: 9030904941452528547, guid: d8e61b2a0cc051142a2761388e103af7,
        type: 3}
      propertyPath: m_LocalRotation.w
      value: 1
      objectReference: {fileID: 0}
    - target: {fileID: 9030904941452528547, guid: d8e61b2a0cc051142a2761388e103af7,
        type: 3}
      propertyPath: m_RootOrder
      value: 5
      objectReference: {fileID: 0}
    - target: {fileID: 9030904941452528547, guid: d8e61b2a0cc051142a2761388e103af7,
        type: 3}
      propertyPath: m_LocalEulerAnglesHint.x
      value: 0
      objectReference: {fileID: 0}
    - target: {fileID: 9030904941452528547, guid: d8e61b2a0cc051142a2761388e103af7,
        type: 3}
      propertyPath: m_LocalEulerAnglesHint.y
      value: 0
      objectReference: {fileID: 0}
    - target: {fileID: 9030904941452528547, guid: d8e61b2a0cc051142a2761388e103af7,
        type: 3}
      propertyPath: m_LocalEulerAnglesHint.z
      value: 0
      objectReference: {fileID: 0}
    m_RemovedComponents: []
  m_SourcePrefab: {fileID: 100100000, guid: d8e61b2a0cc051142a2761388e103af7, type: 3}
--- !u!4 &867875200073605829 stripped
Transform:
  m_CorrespondingSourceObject: {fileID: 9030904941452528547, guid: d8e61b2a0cc051142a2761388e103af7,
    type: 3}
  m_PrefabInstance: {fileID: 8169380015354095974}
  m_PrefabAsset: {fileID: 0}
--- !u!1001 &8489052612986907181
PrefabInstance:
  m_ObjectHideFlags: 0
  serializedVersion: 2
  m_Modification:
    m_TransformParent: {fileID: 2344391178373239824}
    m_Modifications:
    - target: {fileID: 5863476243625163796, guid: e5be78c242d80914fa40947e78030fda,
        type: 3}
      propertyPath: m_Name
      value: CoinSpawn (2)
      objectReference: {fileID: 0}
    - target: {fileID: 669266981821301029, guid: e5be78c242d80914fa40947e78030fda,
        type: 3}
      propertyPath: m_LocalPosition.x
      value: -1
      objectReference: {fileID: 0}
    - target: {fileID: 669266981821301029, guid: e5be78c242d80914fa40947e78030fda,
        type: 3}
      propertyPath: m_LocalPosition.y
      value: 0
      objectReference: {fileID: 0}
    - target: {fileID: 669266981821301029, guid: e5be78c242d80914fa40947e78030fda,
        type: 3}
      propertyPath: m_LocalPosition.z
      value: 7.5
      objectReference: {fileID: 0}
    - target: {fileID: 669266981821301029, guid: e5be78c242d80914fa40947e78030fda,
        type: 3}
      propertyPath: m_LocalRotation.x
      value: -0
      objectReference: {fileID: 0}
    - target: {fileID: 669266981821301029, guid: e5be78c242d80914fa40947e78030fda,
        type: 3}
      propertyPath: m_LocalRotation.y
      value: -0
      objectReference: {fileID: 0}
    - target: {fileID: 669266981821301029, guid: e5be78c242d80914fa40947e78030fda,
        type: 3}
      propertyPath: m_LocalRotation.z
      value: -0
      objectReference: {fileID: 0}
    - target: {fileID: 669266981821301029, guid: e5be78c242d80914fa40947e78030fda,
        type: 3}
      propertyPath: m_LocalRotation.w
      value: 1
      objectReference: {fileID: 0}
    - target: {fileID: 669266981821301029, guid: e5be78c242d80914fa40947e78030fda,
        type: 3}
      propertyPath: m_RootOrder
      value: 23
      objectReference: {fileID: 0}
    - target: {fileID: 669266981821301029, guid: e5be78c242d80914fa40947e78030fda,
        type: 3}
      propertyPath: m_LocalEulerAnglesHint.x
      value: 0
      objectReference: {fileID: 0}
    - target: {fileID: 669266981821301029, guid: e5be78c242d80914fa40947e78030fda,
        type: 3}
      propertyPath: m_LocalEulerAnglesHint.y
      value: 0
      objectReference: {fileID: 0}
    - target: {fileID: 669266981821301029, guid: e5be78c242d80914fa40947e78030fda,
        type: 3}
      propertyPath: m_LocalEulerAnglesHint.z
      value: 0
      objectReference: {fileID: 0}
    m_RemovedComponents: []
  m_SourcePrefab: {fileID: 100100000, guid: e5be78c242d80914fa40947e78030fda, type: 3}
--- !u!4 &8973029292790573832 stripped
Transform:
  m_CorrespondingSourceObject: {fileID: 669266981821301029, guid: e5be78c242d80914fa40947e78030fda,
    type: 3}
  m_PrefabInstance: {fileID: 8489052612986907181}
  m_PrefabAsset: {fileID: 0}
--- !u!1001 &8589070302372539072
PrefabInstance:
  m_ObjectHideFlags: 0
  serializedVersion: 2
  m_Modification:
    m_TransformParent: {fileID: 2344391178373239824}
    m_Modifications:
    - target: {fileID: 9030904941452528551, guid: d8e61b2a0cc051142a2761388e103af7,
        type: 3}
      propertyPath: m_Name
      value: DefaultCube (11)
      objectReference: {fileID: 0}
    - target: {fileID: 9030904941452528547, guid: d8e61b2a0cc051142a2761388e103af7,
        type: 3}
      propertyPath: m_LocalPosition.x
      value: 0
      objectReference: {fileID: 0}
    - target: {fileID: 9030904941452528547, guid: d8e61b2a0cc051142a2761388e103af7,
        type: 3}
      propertyPath: m_LocalPosition.y
      value: -0.5
      objectReference: {fileID: 0}
    - target: {fileID: 9030904941452528547, guid: d8e61b2a0cc051142a2761388e103af7,
        type: 3}
      propertyPath: m_LocalPosition.z
      value: 9.5
      objectReference: {fileID: 0}
    - target: {fileID: 9030904941452528547, guid: d8e61b2a0cc051142a2761388e103af7,
        type: 3}
      propertyPath: m_LocalRotation.x
      value: -0
      objectReference: {fileID: 0}
    - target: {fileID: 9030904941452528547, guid: d8e61b2a0cc051142a2761388e103af7,
        type: 3}
      propertyPath: m_LocalRotation.y
      value: -0
      objectReference: {fileID: 0}
    - target: {fileID: 9030904941452528547, guid: d8e61b2a0cc051142a2761388e103af7,
        type: 3}
      propertyPath: m_LocalRotation.z
      value: -0
      objectReference: {fileID: 0}
    - target: {fileID: 9030904941452528547, guid: d8e61b2a0cc051142a2761388e103af7,
        type: 3}
      propertyPath: m_LocalRotation.w
      value: 1
      objectReference: {fileID: 0}
    - target: {fileID: 9030904941452528547, guid: d8e61b2a0cc051142a2761388e103af7,
        type: 3}
      propertyPath: m_RootOrder
      value: 17
      objectReference: {fileID: 0}
    - target: {fileID: 9030904941452528547, guid: d8e61b2a0cc051142a2761388e103af7,
        type: 3}
      propertyPath: m_LocalEulerAnglesHint.x
      value: 0
      objectReference: {fileID: 0}
    - target: {fileID: 9030904941452528547, guid: d8e61b2a0cc051142a2761388e103af7,
        type: 3}
      propertyPath: m_LocalEulerAnglesHint.y
      value: 0
      objectReference: {fileID: 0}
    - target: {fileID: 9030904941452528547, guid: d8e61b2a0cc051142a2761388e103af7,
        type: 3}
      propertyPath: m_LocalEulerAnglesHint.z
      value: 0
      objectReference: {fileID: 0}
    m_RemovedComponents: []
  m_SourcePrefab: {fileID: 100100000, guid: d8e61b2a0cc051142a2761388e103af7, type: 3}
--- !u!4 &749490745372352867 stripped
Transform:
  m_CorrespondingSourceObject: {fileID: 9030904941452528547, guid: d8e61b2a0cc051142a2761388e103af7,
    type: 3}
  m_PrefabInstance: {fileID: 8589070302372539072}
  m_PrefabAsset: {fileID: 0}
--- !u!1001 &8782890161141287746
PrefabInstance:
  m_ObjectHideFlags: 0
  serializedVersion: 2
  m_Modification:
    m_TransformParent: {fileID: 2344391178373239824}
    m_Modifications:
    - target: {fileID: 9030904941452528551, guid: d8e61b2a0cc051142a2761388e103af7,
        type: 3}
      propertyPath: m_Name
      value: DefaultCube (14)
      objectReference: {fileID: 0}
    - target: {fileID: 9030904941452528547, guid: d8e61b2a0cc051142a2761388e103af7,
        type: 3}
      propertyPath: m_LocalPosition.x
      value: 2
      objectReference: {fileID: 0}
    - target: {fileID: 9030904941452528547, guid: d8e61b2a0cc051142a2761388e103af7,
        type: 3}
      propertyPath: m_LocalPosition.y
      value: -0.5
      objectReference: {fileID: 0}
    - target: {fileID: 9030904941452528547, guid: d8e61b2a0cc051142a2761388e103af7,
        type: 3}
      propertyPath: m_LocalPosition.z
      value: 13.5
      objectReference: {fileID: 0}
    - target: {fileID: 9030904941452528547, guid: d8e61b2a0cc051142a2761388e103af7,
        type: 3}
      propertyPath: m_LocalRotation.x
      value: -0
      objectReference: {fileID: 0}
    - target: {fileID: 9030904941452528547, guid: d8e61b2a0cc051142a2761388e103af7,
        type: 3}
      propertyPath: m_LocalRotation.y
      value: -0
      objectReference: {fileID: 0}
    - target: {fileID: 9030904941452528547, guid: d8e61b2a0cc051142a2761388e103af7,
        type: 3}
      propertyPath: m_LocalRotation.z
      value: -0
      objectReference: {fileID: 0}
    - target: {fileID: 9030904941452528547, guid: d8e61b2a0cc051142a2761388e103af7,
        type: 3}
      propertyPath: m_LocalRotation.w
      value: 1
      objectReference: {fileID: 0}
    - target: {fileID: 9030904941452528547, guid: d8e61b2a0cc051142a2761388e103af7,
        type: 3}
      propertyPath: m_RootOrder
      value: 20
      objectReference: {fileID: 0}
    - target: {fileID: 9030904941452528547, guid: d8e61b2a0cc051142a2761388e103af7,
        type: 3}
      propertyPath: m_LocalEulerAnglesHint.x
      value: 0
      objectReference: {fileID: 0}
    - target: {fileID: 9030904941452528547, guid: d8e61b2a0cc051142a2761388e103af7,
        type: 3}
      propertyPath: m_LocalEulerAnglesHint.y
      value: 0
      objectReference: {fileID: 0}
    - target: {fileID: 9030904941452528547, guid: d8e61b2a0cc051142a2761388e103af7,
        type: 3}
      propertyPath: m_LocalEulerAnglesHint.z
      value: 0
      objectReference: {fileID: 0}
    m_RemovedComponents: []
  m_SourcePrefab: {fileID: 100100000, guid: d8e61b2a0cc051142a2761388e103af7, type: 3}
--- !u!4 &339775631980003553 stripped
Transform:
  m_CorrespondingSourceObject: {fileID: 9030904941452528547, guid: d8e61b2a0cc051142a2761388e103af7,
    type: 3}
  m_PrefabInstance: {fileID: 8782890161141287746}
  m_PrefabAsset: {fileID: 0}
--- !u!1001 &8934377752945424056
PrefabInstance:
  m_ObjectHideFlags: 0
  serializedVersion: 2
  m_Modification:
    m_TransformParent: {fileID: 2344391178373239824}
    m_Modifications:
    - target: {fileID: 3222557659404201625, guid: d93f1b9e792e22940a82b77736c5aff2,
        type: 3}
      propertyPath: m_Name
      value: BouncerSlow
      objectReference: {fileID: 0}
    - target: {fileID: 3222557659404201629, guid: d93f1b9e792e22940a82b77736c5aff2,
        type: 3}
      propertyPath: m_LocalPosition.x
      value: 0
      objectReference: {fileID: 0}
    - target: {fileID: 3222557659404201629, guid: d93f1b9e792e22940a82b77736c5aff2,
        type: 3}
      propertyPath: m_LocalPosition.y
      value: 0
      objectReference: {fileID: 0}
    - target: {fileID: 3222557659404201629, guid: d93f1b9e792e22940a82b77736c5aff2,
        type: 3}
      propertyPath: m_LocalPosition.z
      value: 1.5
      objectReference: {fileID: 0}
    - target: {fileID: 3222557659404201629, guid: d93f1b9e792e22940a82b77736c5aff2,
        type: 3}
      propertyPath: m_LocalRotation.x
      value: -0
      objectReference: {fileID: 0}
    - target: {fileID: 3222557659404201629, guid: d93f1b9e792e22940a82b77736c5aff2,
        type: 3}
      propertyPath: m_LocalRotation.y
      value: -0
      objectReference: {fileID: 0}
    - target: {fileID: 3222557659404201629, guid: d93f1b9e792e22940a82b77736c5aff2,
        type: 3}
      propertyPath: m_LocalRotation.z
      value: -0
      objectReference: {fileID: 0}
    - target: {fileID: 3222557659404201629, guid: d93f1b9e792e22940a82b77736c5aff2,
        type: 3}
      propertyPath: m_LocalRotation.w
      value: 1
      objectReference: {fileID: 0}
    - target: {fileID: 3222557659404201629, guid: d93f1b9e792e22940a82b77736c5aff2,
        type: 3}
      propertyPath: m_RootOrder
      value: 16
      objectReference: {fileID: 0}
    - target: {fileID: 3222557659404201629, guid: d93f1b9e792e22940a82b77736c5aff2,
        type: 3}
      propertyPath: m_LocalEulerAnglesHint.x
      value: 0
      objectReference: {fileID: 0}
    - target: {fileID: 3222557659404201629, guid: d93f1b9e792e22940a82b77736c5aff2,
        type: 3}
      propertyPath: m_LocalEulerAnglesHint.y
      value: 0
      objectReference: {fileID: 0}
    - target: {fileID: 3222557659404201629, guid: d93f1b9e792e22940a82b77736c5aff2,
        type: 3}
      propertyPath: m_LocalEulerAnglesHint.z
      value: 0
      objectReference: {fileID: 0}
    - target: {fileID: 237580577131877253, guid: d93f1b9e792e22940a82b77736c5aff2,
        type: 3}
      propertyPath: m_LocalPosition.z
      value: -1
      objectReference: {fileID: 0}
    - target: {fileID: 2244472548964845795, guid: d93f1b9e792e22940a82b77736c5aff2,
        type: 3}
      propertyPath: bounceDistance
      value: 3
      objectReference: {fileID: 0}
    m_RemovedComponents: []
  m_SourcePrefab: {fileID: 100100000, guid: d93f1b9e792e22940a82b77736c5aff2, type: 3}
--- !u!4 &6288601937599698981 stripped
Transform:
  m_CorrespondingSourceObject: {fileID: 3222557659404201629, guid: d93f1b9e792e22940a82b77736c5aff2,
    type: 3}
  m_PrefabInstance: {fileID: 8934377752945424056}
  m_PrefabAsset: {fileID: 0}
